@inproceedings{saitama,
	author = {Roy, Sujan and Hasan, Mahmudul},
	year = {2008},
	month = {06},
	pages = {},
	title = {Design and Implementation of an Efficient Search Engine with Bangla Interface using NLP}
}
@inproceedings{ecom,
	author = {Roy, Sujan and Hasan, Mahmudul},
	year = {2008},
	month = {06},
	pages = {},
	title = {Design and Implementation of an Efficient Search Engine with Bangla Interface using NLP}
}
@article{anwesan,
	title={Anwesan: A Search Engine for Bengali Literary Works},
	author={S. Das and Shibabroto Banerjee and P. Mitra},
	journal={World Digit. Libr.},
	year={2012},
	volume={5},
	pages={11-18}
}
@inproceedings{hstemmer,
	title={A Lightweight Stemmer for Hindi},
	author={A. Ramanathan and D. Rao},
	year={2003}
}
